@article{skrondal2009prediction,
  title={Prediction in multilevel generalized linear models},
  author={Skrondal, Anders and Rabe-Hesketh, Sophia},
  journal={Journal of the Royal Statistical Society: Series A},
  volume={172},
  number={3},
  pages={659--687},
  year={2009},
  publisher={Wiley Online Library}
}
@book{wilson2004constructing,
  title={Constructing measures: An item response modeling approach},
  author={Wilson, Mark},
  year={2004},
  publisher={Lawrence Erlbaum},
  address={Mahway, New Jersey}
}
@book{dawid1999probabilistic,
  title={Probabilistic Networks and Expert Systems},
  author={Dawid, AP and Cowell, RG and Lauritzen, SL and Spiegelhalter, DJ},
  year={1999},
  publisher={Springer-Verlag},
  address={New York}
}
@article{jordan2004graphical,
  title={Graphical models},
  author={Jordan, Michael I},
  journal={Statistical Science},
  pages={140--155},
  volume={19},
  number={1},
  year={2004},
  publisher={JSTOR}
}
@article{gelman1992inference,
  title={Inference from iterative simulation using multiple sequences},
  author={Gelman, Andrew and Rubin, Donald B},
  journal={Statistical Science},
  volume={7},
  number={4},
  pages={457--472},
  year={1992},
  publisher={JSTOR}
}
@article{buhlmann1999block,
  title={Block length selection in the bootstrap for time series},
  author={B{\"u}hlmann, Peter and K{\"u}nsch, Hans R},
  journal={Computational Statistics \& Data Analysis},
  volume={31},
  number={3},
  pages={295--310},
  year={1999},
  publisher={Elsevier}
}
@article{kunsch1989jackknife,
  title={The jackknife and the bootstrap for general stationary observations},
  author={Kunsch, Hans R},
  journal={The Annals of Statistics},
  volume={17},
  number={3},
  pages={1217--1241},
  year={1989},
  publisher={JSTOR}
}
@incollection{liu1992moving,
  title={Moving blocks jackknife and bootstrap capture weak dependence},
  author={Liu, Regina Y and Singh, Kesar},
  booktitle={Exploring the limits of bootstrap},
  editor={R. LePage and L. Billard},
  pages={255--248},
  year={1992},
  address={New York},
  publisher={Wiley}
}
@incollection{politis1992circular,
  title={A circular block-resampling procedure for stationary data},
  author={Politis, Dimitris N and Romano, Joseph P},
  booktitle={Exploring the limits of bootstrap},
  editor={R. LePage and L. Billard},
  pages={263--270},
  year={1992},
  address={New York},
  publisher={Wiley}
}
@article{pirracchio2015improving,
  title={Improving propensity score estimators' robustness to model misspecification using super learner},
  author={Pirracchio, Romain and Petersen, Maya L and {van der Laan}, Mark},
  journal={American Journal of Epidemiology},
  volume={181},
  number={2},
  pages={108--119},
  year={2015},
  publisher={Oxford Univ Press}
}
@article{lahiri2007nonparametric,
  title={A nonparametric plug-in rule for selecting optimal block lengths for block bootstrap methods},
  author={Lahiri, SN and Furukawa, K and Lee, Y-D},
  journal={Statistical Methodology},
  volume={4},
  number={3},
  pages={292--321},
  year={2007},
  publisher={Elsevier}
}
@article{patton2009correction,
  title={Correction to ``{A}utomatic block-length selection for the dependent bootstrap'' by {D. Politis} and {H. White}},
  author={Patton, Andrew and Politis, Dimitris N and White, Halbert},
  journal={Econometric Reviews},
  volume={28},
  number={4},
  pages={372--375},
  year={2009},
  publisher={Taylor \& Francis}
}
@article{politis2004automatic,
  title={Automatic block-length selection for the dependent bootstrap},
  author={Politis, Dimitris N and White, Halbert},
  journal={Econometric Reviews},
  volume={23},
  number={1},
  pages={53--70},
  year={2004},
  publisher={Taylor \& Francis}
}
@article{lahiri1999theoretical,
  title={Theoretical comparisons of block bootstrap methods},
  author={Lahiri, Soumendra N},
  journal={The Annals of Statistics},
  volume={27},
  number={1},
  pages={386--404},
  year={1999},
  publisher={JSTOR}
}
@article{politis1994stationary,
  title={The stationary bootstrap},
  author={Politis, Dimitris N and Romano, Joseph P},
  journal={Journal of the American Statistical association},
  volume={89},
  number={428},
  pages={1303--1313},
  year={1994},
  publisher={Taylor \& Francis Group}
}
@article{mignani2001markov,
  title={Markov Chain {Monte Carlo} in Stastical Mechanics: The Problem of Accuracy},
  author={Mignani, Stefania and Rosa, Rodolfo},
  journal={Technometrics},
  volume={43},
  number={3},
  pages={347--355},
  year={2001},
  publisher={Taylor \& Francis}
}
@techreport{van2003unified,
  title={Unified cross-validation methodology for selection among estimators and a general cross-validated adaptive epsilon-net estimator: Finite sample oracle inequalities and examples},
  author={{van der Laan}, Mark J and Dudoit, Sandrine},
  year={2003},
  institution={Division of Biostatistics, University of California, Berkeley}
}
@article{van2007super,
  title={Super learner},
  author={{van der Laan}, Mark J and Polley, Eric C and Hubbard, Alan E},
  journal={Statistical applications in genetics and molecular biology},
  volume={6},
  number={1},
  year={2007}
}
@article{zhu2000comparing,
  title={Comparing hierarchical models for spatio-temporally misaligned data using the deviance information criterion},
  author={Zhu, Li and Carlin, Bradley P},
  journal={Statistics in Medicine},
  volume={19},
  number={17--18},
  pages={2265--2278},
  year={2000},
  publisher={Wiley Online Library}
}
@article{li2015approximating,
  title={Approximating cross-validatory predictive evaluation in {B}ayesian latent variable models with integrated {IS} and {WAIC}},
  author={Li, Longhai and Qiu, Shi and Zhang, Bei and Feng, Cindy X},
  journal={Statistics and Computing},
  volume={26},
  number={4},
  pages={881--897},
  year={2016},
  publisher={Springer}
}
@article{trevisani2003inequalities,
  title={Inequalities between expected marginal log-likelihoods, with implications for likelihood-based model complexity and comparison measures},
  author={Trevisani, Matilde and Gelfand, Alan E},
  journal={Canadian Journal of Statistics},
  volume={31},
  number={3},
  pages={239--250},
  year={2003},
  publisher={Wiley Online Library}
}
@article{plummer2008penalized,
  title={Penalized loss functions for {B}ayesian model comparison},
  author={Plummer, Martyn},
  journal={Biostatistics},
  volume={9},
  number={3},
  pages={523--539},
  year={2008},
  publisher={Biometrika Trust}
}
@article{celeux2006deviance,
  title={Deviance information criteria for missing data models},
  author={Celeux, Gilles and Forbes, Florence and Robert, Christian P and Titterington, D Michael and others},
  journal={Bayesian Analysis},
  volume={1},
  number={4},
  pages={651--673},
  year={2006},
  publisher={International Society for Bayesian Analysis}
}
@article{spiegelhalter2014deviance,
  title={The deviance information criterion: 12 years on},
  author={Spiegelhalter, David J and Best, Nicola G and Carlin, Bradley P and {van der Linde}, Angelika},
  journal={Journal of the Royal Statistical Society: Series B},
  volume={76},
  number={3}, 	
  pages={485--493},
  year={2014},
  publisher={Wiley Online Library}
}
@article{knowles2009elevated,
  title={Elevated reproductive effort increases blood parasitaemia and decreases immune function in birds: a meta-regression approach},
  author={Knowles, Sarah CL and Nakagawa, Shinichi and Sheldon, Ben C},
  journal={Functional Ecology},
  volume={23},
  number={2},
  pages={405--415},
  year={2009},
  publisher={Wiley Online Library}
}
@article{jones2009environmental,
  title={Environmental sensitivity in relation to size and sex in birds: meta-regression analysis},
  author={Jones, Kristopher S and Nakagawa, Shinichi and Sheldon, Ben C},
  journal={The American Naturalist},
  volume={174},
  number={1},
  pages={122--133},
  year={2009},
  publisher={JSTOR}
}
@article{chen2012meta,
  title={Meta-analysis methods and models with applications in evaluation of cholesterol-lowering drugs},
  author={Chen, Ming-Hui and Ibrahim, Joseph G and Shah, Arvind K and Lin, Jianxin and Yao, Hui},
  journal={Statistics in medicine},
  volume={31},
  number={28},
  pages={3597--3616},
  year={2012},
  publisher={Wiley Online Library}
}
@article{hurvich1989regression,
  title={Regression and time series model selection in small samples},
  author={Hurvich, Clifford M and Tsai, Chih-Ling},
  journal={Biometrika},
  volume={76},
  number={2},
  pages={297--307},
  year={1989},
  publisher={Biometrika Trust}
}
@article{sugiura1978further,
  title={Further analysis of the data by {A}kaike's information criterion and the finite sample corrections},
  author={Sugiura, Nariaki},
  journal={Communications in Statistics-Theory and Methods},
  volume={7},
  number={1},
  pages={13--26},
  year={1978},
  publisher={Taylor \& Francis}
}
@article{zwinderman1991generalized,
  title={A generalized {R}asch model for manifest predictors},
  author={Zwinderman, Aeilko H},
  journal={Psychometrika},
  volume={56},
  number={4},
  pages={589--600},
  year={1991},
  publisher={Springer}
}
@manual{spielberger1988state,
  title        = {State-trait anger expression inventory research edition},
  author       = {Spielberger, CD},
  organization = {Psychological Assessment Resources},
  address      = {Odessa, FL},
  year         = {1988},
}
@article{stone1974cross,
  title={Cross-validatory choice and assessment of statistical predictions},
  author={Stone, Mervyn},
  journal={Journal of the Royal Statistical Society. Series B (Methodological)},
  pages={111--147},
  year={1974},
  publisher={JSTOR}
}
@article{borjas1994two,
  title={A two-stage estimator for probit models with structural group effects},
  author={Borjas, George J and Sueyoshi, Glenn T},
  journal={Journal of Econometrics},
  volume={64},
  number={1},
  pages={165--182},
  year={1994},
  publisher={Elsevier}
}
@article{korn1979methods,
  title={Methods for analyzing panel studies of acute health effects of air pollution},
  author={Korn, Edward L and Whittemore, Alice S},
  journal={Biometrics},
  pages={795--802},
  year={1979},
  publisher={JSTOR}
}
@article{viechtbauer2005bias,
  title={Bias and efficiency of meta-analytic variance estimators in the random-effects model},
  author={Viechtbauer, Wolfgang},
  journal={Journal of Educational and Behavioral Statistics},
  volume={30},
  number={3},
  pages={261--293},
  year={2005},
  publisher={Sage Publications}
}
@article{raudenbush1985empirical,
  title={Empirical Bayes meta-analysis},
  author={Raudenbush, Stephen W and Bryk, Anthony S},
  journal={Journal of Educational and Behavioral Statistics},
  volume={10},
  number={2},
  pages={75--98},
  year={1985},
  publisher={Sage Publications}
}
@article{pinheiro1995approximations,
  title={Approximations to the log-likelihood function in the nonlinear mixed-effects model},
  author={Pinheiro, Jos{\'e} C and Bates, Douglas M},
  journal={Journal of computational and Graphical Statistics},
  volume={4},
  number={1},
  pages={12--35},
  year={1995},
  publisher={Taylor \& Francis}
}
@article{spiegelhalter2002bayesian,
  title={Bayesian measures of model complexity and fit},
  author={Spiegelhalter, David J and Best, Nicola G and Carlin, Bradley P and {van der Linde}, Angelika},
  journal={Journal of the Royal Statistical Society: Series B},
  volume={64},
  number={4},
  pages={583--639},
  year={2002},
  publisher={Wiley Online Library}
}
@article{marshall2007identifying,
  title={Identifying outliers in {B}ayesian hierarchical models: {A} simulation-based approach},
  author={Marshall, E C and Spiegelhalter, David J},
  journal={Bayesian Analysis},
  volume={2},
  number={2},
  pages={409--444},
  year={2007},
  publisher={International Society for Bayesian Analysis}
}
@techreport{gelfand1992model,
  title={Model determination using predictive distributions with implementation via sampling-based methods},
  author={Gelfand, Alan E and Dey, Dipak K and Chang, Hong},
  year={1992},
  institution={Defense Technical Information Center},
  address={Fort Belvoir, VA},
}
@article{ionides2008truncated,
  title={Truncated importance sampling},
  author={Ionides, Edward L},
  journal={Journal of Computational and Graphical Statistics},
  volume={17},
  number={2},
  pages={295--311},
  year={2008},
  publisher={Taylor \& Francis}
}
@article{vehtari2016pareto,
  title={Pareto smoothed importance sampling},
  author={Vehtari, Aki and Gelman, Andrew},
  journal={arXiv preprint arXiv:1507.02646},
  year={2016}
}
@article{vehtari2016practical,
  title={Practical {B}ayesian model evaluation using leave-one-out cross-validation and {WAIC}},
  author={Vehtari, Aki and Gelman, Andrew and Gabry, Jonah},
  journal={Statistics and Computing},
  pages={1--20},
  year={2016},
  publisher={Springer}
}
@article{gelman2008weakly,
  title={A weakly informative default prior distribution for logistic and other regression models},
  author={Gelman, Andrew and Jakulin, Aleks and Pittau, Maria Grazia and Su, Yu-Sung},
  journal={The Annals of Applied Statistics},
  volume={2},
  number={4},
  pages={1360--1383},
  year={2008},
  publisher={JSTOR}
}
@article{hall1995blocking,
  title={On blocking rules for the bootstrap with dependent data},
  author={Hall, Peter and Horowitz, Joel L and Jing, Bing-Yi},
  journal={Biometrika},
  volume={82},
  number={3},
  pages={561--574},
  year={1995},
  publisher={Biometrika Trust}
}
@book{gierl2013automatic,
  title={Automatic item generation: Theory and practice},
  author={Gierl, Mark J and Haladyna, Thomas M},
  year={2013},
  publisher={Routledge},
  address={New York}
}
@article{embretson1999generating,
  title={Generating items during testing: Psychometric issues and models},
  author={Embretson, Susan E},
  journal={Psychometrika},
  volume={64},
  number={4},
  pages={407--433},
  year={1999},
  publisher={Springer}
}
@article{arendasy2011using,
  title={Using automatic item generation to simultaneously construct German and English versions of a word fluency test},
  author={Arendasy, Martin E and Sommer, Markus and Mayr, Friedrich},
  journal={Journal of Cross-Cultural Psychology},
  pages={464--479},
  year={2011},
  publisher={SAGE Publications}
}
@article{arendasy2010evaluating,
  title={Evaluating the contribution of different item features to the effect size of the gender difference in three-dimensional mental rotation using automatic item generation},
  author={Arendasy, Martin E and Sommer, Markus},
  journal={Intelligence},
  volume={38},
  number={6},
  pages={574--581},
  year={2010},
  publisher={Elsevier}
}
@article{arendasy2007using,
  title={Using psychometric technology in educational assessment: The case of a schema-based isomorphic approach to the automatic generation of quantitative reasoning items},
  author={Arendasy, Martin and Sommer, Markus},
  journal={Learning and Individual Differences},
  volume={17},
  number={4},
  pages={366--383},
  year={2007},
  publisher={Elsevier}
}
@article{arendasy2005automatic,
  title={Automatic generation of {R}asch-calibrated items: figural matrices test GEOM and Endless-Loops Test EC},
  author={Arendasy, Martin},
  journal={International journal of testing},
  volume={5},
  number={3},
  pages={197--224},
  year={2005},
  publisher={Taylor \& Francis}
}
@article{cho2014additive,
  title={Additive multilevel item structure models with random residuals: Item modeling for explanation and item generation},
  author={Cho, Sun-Joo and De Boeck, Paul and Embretson, Susan and Rabe-Hesketh, Sophia},
  journal={Psychometrika},
  volume={79},
  number={1},
  pages={84--104},
  year={2014},
  publisher={Springer}
}
@article{holling2009automatic,
  title={Automatic item generation of probability word problems},
  author={Holling, Heinz and Bertling, Jonas P and Zeuch, Nina},
  journal={Studies in Educational Evaluation},
  volume={35},
  number={2},
  pages={71--76},
  year={2009},
  publisher={Elsevier}
}
@article{freund2008explaining,
  title={Explaining and controlling for the psychometric properties of computer-generated figural matrix items},
  author={Freund, Philipp Alexander and Hofer, Stefan and Holling, Heinz},
  journal={Applied Psychological Measurement},
  volume={32},
  number={3},
  pages={195--210},
  year={2008},
  publisher={Sage Publications}
}
@article{ritz2004equivalence,
  title={Equivalence of conditional and marginal regression models for clustered and longitudinal data},
  author={Ritz, John and Spiegelman, Donna},
  journal={Statistical Methods in Medical Research},
  volume={13},
  number={4},
  pages={309--323},
  year={2004},
  publisher={SAGE Publications}
}
@article{goldstein1987multilevel,
  title={Multilevel covariance component models},
  author={Goldstein, Harvey},
  journal={Biometrika},
  volume={74},
  number={2},
  pages={430--431},
  year={1987},
  publisher={Biometrika Trust}
}
@article{yu2013information,
  title={Information based model selection criteria for generalized linear mixed models with unknown variance component parameters},
  author={Yu, Dalei and Zhang, Xinyu and Yau, Kelvin KW},
  journal={Journal of Multivariate Analysis},
  volume={116},
  pages={245--262},
  year={2013},
  publisher={Elsevier}
}
@article{saefken2014unifying,
  title={A unifying approach to the estimation of the conditional {A}kaike information in generalized linear mixed models},
  author={Saefken, Benjamin and Kneib, Thomas and van Waveren, Clara-Sophie and Greven, Sonja and others},
  journal={Electronic Journal of Statistics},
  volume={8},
  number={1},
  pages={201--225},
  year={2014},
  publisher={The Institute of Mathematical Statistics and the Bernoulli Society}
}
@article{yu2012conditional,
  title={Conditional {A}kaike information criterion for generalized linear mixed models},
  author={Yu, Dalei and Yau, Kelvin KW},
  journal={Computational Statistics \& Data Analysis},
  volume={56},
  number={3},
  pages={629--644},
  year={2012},
  publisher={Elsevier}
}
@article{schwarz1978estimating,
  title={Estimating the dimension of a model},
  author={Schwarz, Gideon and others},
  journal={The Annals of Statistics},
  volume={6},
  number={2},
  pages={461--464},
  year={1978},
  publisher={Institute of Mathematical Statistics}
}
@article{fang2011asymptotic,
  title={Asymptotic equivalence between cross-validations and {A}kaike information criteria in mixed-effects models},
  author={Fang, Yixin},
  journal={Journal of Data Science},
  volume={9},
  number={1},
  pages={15--21},
  year={2011}
}
@article{arlot2010survey,
  title={A survey of cross-validation procedures for model selection},
  author={Arlot, Sylvain and Celisse, Alain},
  journal={Statistics surveys},
  volume={4},
  pages={40--79},
  year={2010},
  publisher={The author, under a Creative Commons Attribution License}
}
@book{burnham2003model,
  title={Model selection and multimodel inference: a practical information-theoretic approach},
  author={Burnham, Kenneth P and Anderson, David R},
  year={2003},
  publisher={Springer Science \& Business Media}
}
@article{stone1977asymptotic,
  title={An asymptotic equivalence of choice of model by cross-validation and {A}kaike's criterion},
  author={Stone, Mervyn},
  journal={Journal of the Royal Statistical Society: Series B},
  volume={39},
  number={1},
  pages={44--47},
  year={1977},
  publisher={JSTOR}
}
@article{naylor1982applications,
  title={Applications of a method for the efficient computation of posterior distributions},
  author={Naylor, Jennifer C and Smith, Adrian FM},
  journal={Journal of the Royal Statistical Society: Series C},
  volume={31},
  number={3},
  pages={214--225},
  year={1982},
  publisher={JSTOR}
}
@article{rabe2005maximum,
  title={Maximum likelihood estimation of limited and discrete dependent variable models with nested random effects},
  author={Rabe-Hesketh, Sophia and Skrondal, Anders and Pickles, Andrew},
  journal={Journal of Econometrics},
  volume={128},
  number={2},
  pages={301--323},
  year={2005},
  publisher={Elsevier}
}
@article{rabe2002reliable,
  title={Reliable estimation of generalized linear mixed models using adaptive quadrature},
  author={Rabe-Hesketh, Sophia and Skrondal, Anders and Pickles, Andrew},
  journal={The Stata Journal},
  volume={2},
  number={1},
  pages={1--21},
  year={2002},
  publisher={Citeseer}
}
@article{watanabe2010asymptotic,
  title={Asymptotic equivalence of {B}ayes cross validation and widely applicable information criterion in singular learning theory},
  author={Watanabe, Sumio},
  journal={The Journal of Machine Learning Research},
  volume={11},
  pages={3571--3594},
  year={2010},
  publisher={JMLR. org}
}
@article{vehtari2015practical,
  title={Practical {B}ayesian model evaluation using leave-one-out cross-validation and WAIC},
  author={Vehtari, Aki and Gelman, Andrew and Gabry, Jonah},
  journal={arXiv preprint arXiv:1507.04544},
  year={2015}
}
@article{vehtari2015efficient,
  title={Efficient implementation of leave-one-out cross-validation and {WAIC} for evaluating fitted {B}ayesian models},
  author={Vehtari, Aki and Gelman, Andrew and Gabry, Jonah},
  journal={arXiv preprint arXiv:1507.04544},
  year={2015}
}
@article{vehtari2014waic,
  title={WAIC and cross-validation in Stan},
  author={Vehtari, Aki and Gelman, Andrew},
  journal={Submitted. http://www. stat. columbia. edu/\~{} gelman/research/unpublished/waic\_ stan. pdf Accessed},
  volume={27},
  number={2015},
  pages={5},
  year={2014},
  publisher={Citeseer}
}
@article{gelman2014understanding,
  title={Understanding predictive information criteria for {B}ayesian models},
  author={Gelman, Andrew and Hwang, Jessica and Vehtari, Aki},
  journal={Statistics and Computing},
  volume={24},
  number={6},
  pages={997--1016},
  year={2014},
  publisher={Springer}
}
@article{akaike1974new,
  title={A new look at the statistical model identification},
  author={Akaike, Hirotugu},
  journal={Automatic Control, IEEE Transactions on},
  volume={19},
  number={6},
  pages={716--723},
  year={1974},
  publisher={Ieee}
}
@article{rubin1984bayesianly,
	title={Bayesianly justifiable and relevant frequency calculations for the applied statistician},
	author={Rubin, Donald B},
	journal={The Annals of Statistics},
	volume={12},
	number={4},
	pages={1151--1172},
	year={1984},
	publisher={Institute of Mathematical Statistics}
}
@book{embretson2000item,
	title={Item Response Theory for Psychologists},
	author={Embretson, Susan E and Reise, Steven P},
	year={2000},
	publisher={Psychology Press},
	address={Mahwah, New Jersey}
}
@article{bock1981marginal,
	title={Marginal maximum likelihood estimation of item parameters: Application of an {EM} algorithm},
	author={Bock, R Darrell and Aitkin, Murray},
	journal={Psychometrika},
	volume={46},
	number={4},
	pages={443--459},
	year={1981},
	publisher={Springer}
}
@article{mislevy1988exploiting,
	title={Exploiting auxiliary information about items in the estimation of {R}asch item difficulty parameters},
	author={Mislevy, Robert J},
	journal={Applied Psychological Measurement},
	volume={12},
	number={3},
	pages={281--296},
	year={1988},
	publisher={Sage Publications}
}
@article{gelfand1995efficient,
	title={Efficient parametrisations for normal linear mixed models},
	author={Gelfand, Alan E and Sahu, Sujit K and Carlin, Bradley P},
	journal={Biometrika},
	volume={82},
	number={3},
	pages={479--488},
	year={1995},
	publisher={Biometrika Trust}
}
@article{rasbash1994efficient,
	title={Efficient analysis of mixed hierarchical and cross-classified random structures using a multilevel model},
	author={Rasbash, Jon and Goldstein, Harvey},
	journal={Journal of Educational and Behavioral statistics},
	volume={19},
	number={4},
	pages={337--350},
	year={1994},
	publisher={Sage Publications}
}
@article{dempster1977maximum,
	title={Maximum likelihood from incomplete data via the {EM} algorithm},
	author={Dempster, Arthur P and Laird, Nan M and Rubin, Donald B},
	journal={Journal of the royal statistical society. Series B (methodological)},
	pages={1--38},
	year={1977},
	publisher={JSTOR}
}
@article{skrondal2009prediction,
	title={Prediction in multilevel generalized linear models},
	author={Skrondal, Anders and Rabe-Hesketh, Sophia},
	journal={Journal of the Royal Statistical Society: Series A (Statistics in Society)},
	volume={172},
	number={3},
	pages={659--687},
	year={2009},
	publisher={Wiley Online Library}
}
@article{bock1982adaptive,
	title={Adaptive EAP estimation of ability in a microcomputer environment},
	author={Bock, R Darrell and Mislevy, Robert J},
	journal={Applied psychological measurement},
	volume={6},
	number={4},
	pages={431--444},
	year={1982},
	publisher={Sage Publications}
}
@article{efron1973stein,
	title={Stein's estimation rule and its competitors—an empirical Bayes approach},
	author={Efron, Bradley and Morris, Carl},
	journal={Journal of the American Statistical Association},
	volume={68},
	number={341},
	pages={117--130},
	year={1973},
	publisher={Taylor \& Francis Group}
}
@article{mislevy1985estimation,
  title={Estimation of latent group effects},
  author={Mislevy, Robert J},
  journal={Journal of the American Statistical Association},
  volume={80},
  number={392},
  pages={993--997},
  year={1985},
  publisher={Taylor \& Francis Group}
}
@article{Marshall2007,
	author       = "E C Marshall and D J Spiegelhalter",
	title        = "Identifying outliers in {B}ayesian hierarchical models: A simulation-based approach",
	year         = "2007",
	journal      = "Bayesian Analysis",
	volume       = "2",
	issue		 = "2",
	pages        = "409--444",
	}
@article{Gelman1996,
	author       = "Andrew Gelman and X L Meng and Hal Stern",
	title        = "Posterior predictive assessment of model fitness via realized discrepancies",
	year         = "1996",
	journal      = "Statistica Sinica",
	volume       = "6",
	number       = "4",
	pages        = "733--807",
	}
@book{BDA3,
	author       = "Andrew Gelman and John B Carlin and Hal S Stern and David B Rubin and Aki Vehtari and Donald B Rubin",
	title        = "Bayesian Data Analysis",
	year         = "2014",
	publisher    = "Chapman \& Hall",
	address      = "Boca Raton, FL",
	series       = "Texts in Statistical Science",
	edition      = "3rd",
	}
@article{Sinharay2006,
	author       = "Sandip Sinharay and Matthew S Johnson and Hal S Stern",
	title        = "Posterior predictive assessment of item response theory models",
	year         = "2006",
	journal      = "Applied Psychological Measurement",
	volume       = "30",
	issue		 = "4",
	pages        = "298--321",
	}
@article{Levy2009,
	author       = "Roy Levy and Robert J Mislevy and Sandip Sinharay",
	title        = "Posterior predictive model checking for multidimensionality in item response theory",
	year         = "2009",
	journal      = "Applied Psychological Measurement",
	volume       = "33",
	issue		 = "7",
	pages        = "519--537",
	}
@article{Wu2013,
	author       = "Margaret Wu and Raymond J Adams",
	title        = "Properties of {R}asch residual fit statistics",
	year         = "2013",
	journal      = "Journal of Applied Measurement",
	volume       = "14",
	issue		 = "4",
	pages        = "339--355",
	}
@book{Gelman2004,
	author       = "Andrew Gelman and John B. Carlin and Hal S. Stern and Donald B. Rubin",
	title        = "Bayesian Data Analysis",
	year         = "2003",
	publisher    = "Chapman \& Hall",
	address      = "Boca Raton, FL",
	series       = "Texts in Statistical Science",
	edition      = "2nd",
	}
@article{Donohue2011,
	author       = "M C Donohue and R Overholser and R Xu and F Vaida",
	title        = "Conditional {A}kaike information under generalized linear and proportional hazard mixed models",
	year         = "2011",
	journal      = "Biometrika",
	volume       = "98",
	issue		 = "3",
	pages        = "685--700",
	}
@article{Liang2008,
	author       = "Hua Liang and Hulin Wu and Guohua Zou",
	title        = "A note on conditional {AIC} for linear mixed-effects models",
	year         = "2008",
	journal      = "Biometrika",
	volume       = "95",
	issue		 = "3",
	pages        = "773--778",
	}
@manual{lme4-1.1-7,
    title = {{lme4}: Linear mixed-effects models using Eigen and S4},
    author = {Douglas Bates and Martin Maechler and Ben Bolker and
      Steven Walker},
    year = {2014},
    note = {R package version 1.1-7},
    url = {http://CRAN.R-project.org/package=lme4},
  }
@manual{R2014,
    title = {R: A Language and Environment for Statistical Computing},
    author = {{R Core Team}},
    organization = {R Foundation for Statistical Computing},
    address = {Vienna, Austria},
    year = {2014},
    url = {http://www.R-project.org/},
  }
@book{Rasch1960a,
	author       = "George Rasch",
	title        = "Probabilistic models for some intelligence and attainment tests",
	year         = "1960",
	publisher    = "Danish Institute for Educational Research",
	address      = "Copenhagen"
	}
@article{Maydeu2011,
	author       = "Alberto Maydeu-Olivares and Li Cai and Adolfo Hernandez",
	title        = "Comparing the fit of item response theory and factor analysis models",
	year         = "2011",
	journal      = "Structural Equation Modeling",
	volume       = "18",
	pages        = "333--356",
	}
@techreport{PISA2013,
	author       = "OECD",
	title        = "{PISA} 2012 Assessment and Analytical Framework: Mathematics, Reading, Science, Problem Solving and Financial Literacy",
	year         = "2013",
	institution  = "OECD",
	}
@incollection{Janssen2004,
	author       = "Rianne Janssen and Jan Schepers and Deborah Peres",
	title        = "Models with item and item group predictors",
	year         = "2004",
	pages        = "189--212",
	publisher    = "Springer",
	address      = "New York",
	booktitle    = "Explanatory Item Response Models: A Generalized Linear and Nonlinear Approach",
	editor       = "Paul De Boeck and Mark Wilson",
	}
@incollection{Adams1996,
	author       = "R. J. Adams and M. R. Wilson",
	title        = "Formulating the {R}asch model as a mixed coefficients multinomial logit",
	year         = "1996",
	volume       = "3",
	pages        = "217--232",
	publisher    = "Ablex",
	address      = "Norwood, NJ",
	booktitle    = "Objective Measurement: Theory into Practice",
	editor       = "G. Englhard and M. R. Wilson",
	}
@book{Adams1996b,
	author       = "R. J. Adams and S. T. Khoo",
	title        = "Quest",
	year         = "1996",
	publisher    = "Australian Council for Educational Research",
	address      = "Melbourne, Australia ",
	}
@article{Adams1997,
	author       = "Raymond J Adams and Mark Wilson and W Wang",
	title        = "The multidimensional random coefficients multinomial logit model",
	year         = "1997",
	journal      = "Applied Psychological Measurement",
	volume       = "21",
	pages        = "1--23",
	}
@article{adams1997multilevel,
  title={Multilevel item response models: An approach to errors in variables regression},
  author={Adams, Raymond J and Wilson, Mark and Wu, Margaret},
  journal={Journal of Educational and Behavioral Statistics},
  volume={22},
  number={1},
  pages={47--76},
  year={1997},
  publisher={Sage Publications Sage CA: Los Angeles, CA}
}
@article{Akaike1974,
	author       = "Hirotugu Akaike",
	title        = "A new look at the statistical model identification",
	year         = "1974",
	journal      = "IEEE Transactions on Automatic Control",
	volume       = "19",
	pages        = "719--723",
	}
@article{Andersen1985,
	author       = "Erling B. Andersen",
	title        = "Estimating latent correlations between repeated testings",
	year         = "1985",
	journal      = "Psychometrika",
	volume       = "50",
	pages        = "3--16",
	}
@article{Ando2007,
	author       = "Tomohiro Ando",
	title        = "Bayesian predictive information criterion for the evaluation of hierarchical {B}ayesian and Empirical Bayes models",
	year         = "2007",
	journal      = "Bometrika",
	volume       = "94",
	pages        = "443--458",
	}
@article{Ando2011,
	author       = "Tomohiro Ando",
	title        = "Predictive {B}ayesian model selection",
	year         = "2011",
	journal      = "American Journal of Mathematical Management Sciences",
	volume       = "31",
	pages        = "13--38",
	}
@article{Bock1981,
	author       = "R. D. Bock and M. Aitken",
	title        = "Marginal maximum likelihood estimation of item parameters: Application of an {EM} algorithm",
	year         = "1981",
	journal      = "Psychometrika",
	volume       = "46",
	pages        = "443--549",
	}
@article{Bradlow1999,
	author       = "E T Bradlow and H Wainer and X Wang",
	title        = "A {B}ayesian random effects model for testlets",
	year         = "1999",
	journal      = "Psychometrika",
	volume       = "64",
	pages        = "153--168",
	}
@article{Braun2012,
	author       = "Julia Braun and Leonhard Held and Bruno Ledergerber",
	title        = "Predictive cross-validation for the choice of linear mixed-effects models with application to data from the Swiss HIV cohort study",
	year         = "2012",
	journal      = "Biometrics",
	volume       = "68",
	pages        = "53--61",
	}
@unpublished{BreinegaardPress,
	author       = "Nina Breinegaard and Sophia Rabe-Hesketh and Anders Skrondal",
	title        = "The transition model test for serial dependence in mixed-effects models for binary data",
	journal      = "Biostatistics",
	}
@article{Browne1992,
	author       = "Michael W. Browne and Roberk Cudeck",
	title        = "Alternative ways of assessing model fit",
	year         = "1992",
	journal      = "Sociological Methods and Reseach",
	volume       = "21",
	pages        = "230--258",
	}
@article{Bybee2009,
	author       = "Rodger Bybee and Barry McCrae and Robert Laurie",
	title        = "PISA 2006: An assessment of scientific literacy",
	year         = "2009",
	journal      = "Journal of Research in Science Teaching",
	volume       = "46",
	pages        = "865--883",
	}
@book{Camilli1994,
	author       = "G Camilli and L A Shepard",
	title        = "Methods for identifying biased test items",
	year         = "1994",
	publisher    = "Sage",
	address      = "Thousand Oaks, CA",
	}
@article{Cheong2000,
	author       = "Yuk Fai Cheong and Stephen W Raudenbush",
	title        = "Measurement and structural models for children's problem behaviors",
	year         = "2000",
	journal      = "Psychological Methods",
	volume       = "5",
	pages        = "477--495",
	}
@article{Cho2011,
	author       = "Sun Joo Cho and Sophia Rabe-Hesketh",
	title        = "Alternating imputation posterior estimation of models with crossed random effects",
	year         = "2011",
	journal      = "Computational Statistics and Data Analysis",
	volume       = "55",
	pages        = "12--25",
	}
@manual{ConQuest,
	author       = "Margaret L Wu and Raymond J Adams and Mark R Wilson and Samual A Haldane ",
	title        = "{ACER} {ConQuest} Version 2.0: Generalized Item Response Modelling Software",
	year         = "2007",
	publisher    = "ACER Print",
	}
@article{DeBoeck2008,
	title={Random item {IRT} models},
	author={De Boeck, Paul},
	journal={Psychometrika},
	volume={73},
	number={4},
	pages={533--559},
	year={2008},
	publisher={Springer}
}
@article{DeBoeck2011,
	author       = "Paul {De Boeck} and Marjan Bakker and Robert Zwitser and Michel Nivard and Abe Hofman and Francis Tuerlinckx and Ivailo Partchev",
	title        = "The estimation of item response models with lmer function from the lme4 package in R",
	year         = "2011",
	journal      = "Journal of Statistical Software",
	volume       = "39",
	pages        = "1--28",
	}
@article{Doran2007,
	author       = "Harold Doran and Douglas Bates and Paul Bliese and Maritza Dowling",
	title        = "Estimating the multilevel {R}asch model: With the lme4 package",
	year         = "2007",
	journal      = "Journal of Statistical Software",
	volume       = "20",
	pages        = "1--18",
	}
@article{Embretson1991,
	author       = "Susan Embretson",
	title        = "A multidimensional latent trait model for measuring learning and change",
	year         = "1991",
	journal      = "Psychometrika",
	volume       = "56",
	pages        = "495--515",
	}
@article{fischer1973linear,
  title={The linear logistic test model as an instrument in educational research},
  author={Fischer, Gerhard H},
  journal={Acta Psychologica},
  volume={37},
  number={6},
  pages={359--374},
  year={1973},
  publisher={Elsevier}
}
@article{Fischer1983,
	author       = "Fischer, Gerhard H",
	title        = "Logistic latent trait models with linear constraints",
	year         = "1983",
	journal      = "Psychometrika",
	volume       = "48",
	pages        = "3--26",
	}
@incollection{Fischer1997,
	author       = "Fischer, Gerhard H",
	booktitle    = "Handbook of Modern Item Response Theory",
	year         = "1997",
	pages        = "225--243",
	publisher    = "Springer",
	address      = "New York, NY",
	title        = "Unidimensional linear logistic {R}asch models",
	editor       = "W J {van der Linden} and Ronald K Hambleton",
	}
@book{Golumbic2004,
	author       = "M. C. Golumbic",
	title        = "Algorithmic Graph Theory and Perfect Graphs",
	year         = "2004",
	publisher    = "Elsevier Science",
	edition      = "2nd Edition",
	}
@article{Greven2010,
	author       = "Sonja Greven and Thomas Kneib",
	title        = "On the behaviour of marginal and conditional {AIC} in linear mixed models",
	year         = "2010",
	journal      = "Biometrika",
	volume       = "97",
	number       = "4",
	pages        = "773--789",
	}
@article{Han2011,
	author       = "Susan C Han and Andrew D Graham and Meng C Lin",
	title        = "Clinical assessment of a customized free-form progressive add lens spectacle",
	year         = "2011",
	journal      = "Optometry and Vision Science",
	volume       = "88",
	pages        = "234--243",
	}
@article{Harbod2008,
	author       = "R M Harbod and J. P. T. Higgins",
	title        = "Meta-regression in Stata",
	year         = "2008",
	journal      = "The Stata Journal",
	volume       = "8",
	pages        = "493--519",
	}
@book{Hastie2009,
	author       = "T Hastie and R Tibshirani and J Friedman",
	title        = "The Elements of Statistical Learning",
	year         = "2009",
	publisher    = "Springer",
	address      = "New York, NY"
	}
@book{Holland1993,
	author       = "P W Holland and H Wainer",
	title        = "Differential item functioning",
	year         = "1993",
	publisher    = "Erlbaum",
	address      = "Hillsdale, NJ",
	}
@article{Hurvich1989,
	author       = "C M Hurvich and C L Tsai",
	title        = "Regression and time series model selection in small samples",
	year         = "1989",
	journal      = "Biometrika",
	volume       = "76",
	pages        = "297--307",
	}
@article{Joe2008,
	author       = "Harry Joe",
	title        = "Accuracy of Laplace approximation for discrete response mixed models",
	year         = "2008",
	journal      = "Computational Statistics and Data Analysis",
	volume       = "52",
	pages        = "5066--5074",
	}
@book{Jones1989,
	author       = "Bryron Jones and Michael G. Kenward",
	title        = "Design and analysis of cross-over trials",
	year         = "1989",
	volume       = "34",
	publisher    = "Chapman and Hall",
	address      = "New York",
	series       = "Monographs on statistics and probability",
	}
@article{Kamata2001,
	author       = "Akihito Kamata",
	title        = "Item analysis by the hierarchical generalized linear model",
	year         = "2001",
	journal      = "Journal of Educational Measurement",
	volume       = "38",
	pages        = "79--93",
	}
@incollection{Kamata2007,
	author       = "Akihito Kamata and Yuk Fai Cheong",
	title        = "Mulitlevel {R}asch models",
	year         = "2007",
	pages        = "217--232",
	publisher    = "Springer",
	address      = "New York",
	booktitle    = "Multivariate and Mixture Distribution {R}asch Models: Extensions and Applications",
	editor       = "Matthias von Davier and Claus H Carstensen",
	}
@article{Kuha2004,
	author       = "J Kuha",
	title        = "{AIC} and {BIC}: Comparisons of assumptions and performance",
	year         = "2004",
	journal      = "Sociological Methods \& Research",
	volume       = "33",
	pages        = "188--229",
	}
@book{Linacre1989,
	author       = "J M Linacre",
	title        = "Many-Facet {R}asch Measurement",
	year         = "1989",
	publisher    = "MESA Press",
	address      = "Chicago",
	}
@article{Linacre2002,
	author       = "J M Linacre",
	title        = "What do Infit and Outfit, Mean-square and Standardized mean?",
	year         = "2002",
	journal      = "Rasch Measurement Transactions",
	volume       = "16",
	pages        = "878",
	}
@manual{lme4,
	author       = "Douglas Bates and Martin Maechler and Ben Bolker",
	title        = "lme4",
	year         = "2011",
	note         = "Version 0.999375-3",
	url          = "http://lme4.r-forge.r-project.org/",
	}
@article{Maier2001,
	author       = "Kimberly S Maier",
	title        = "A {R}asch hierarchical measurement model",
	year         = "2001",
	journal      = "Journal of Educational and Behavioral Statistics",
	volume       = "26",
	pages        = "307--330",
	}
@article{Masters1982,
	author       = "Geoff N Masters",
	title        = "A {R}asch model for partial credit scoring",
	year         = "1982",
	journal      = "Psychometrika",
	volume       = "47",
	pages        = "147--174",
	}
@article{Mellenbergh1994,
	author       = "Gideon J Mellenbergh",
	title        = "Generalized linear item response theory",
	year         = "1994",
	journal      = "Quantitative Methods in Psychology",
	volume       = "115",
	pages        = "300--307",
	}
@article{Mislevy1992,
	author       = "Robert J Mislevey and Eugene G Johnson and Eiji Muraki",
	title        = "Chapter 3: Scaling procedures in NAEP",
	year         = "1992",
	journal      = "Journal of Educational and Behavioral Statistics",
	volume       = "17",
	pages        = "131--154",
	}
@incollection{Molenberghs2004,
	author       = "Geert Molenberghs and Geert Verbeke",
	title        = "Many-Facet {R}asch Measurement",
	year         = "2004",
	pages        = "111--153",
	publisher    = "Springer",
	address      = "New York",
	booktitle    = "Explanatory Item Response Models: A Generalized Linear and Nonlinear Approach",
	editor       = "Paul De Boeck and Mark Wilson",
	}
@article{Noortgate2003,
	author       = "Wim Van den Noortgate and Paul De Boeck and Michel Meulders",
	title        = "Cross-classification multilevel models in psychometrics",
	year         = "2003",
	journal      = "Journal of Educational and Behavioral Statistics",
	volume       = "28",
	pages        = "369--386",
	}
@article{Noortgate2005,
	author       = "W V Noortgate and Paul {De Boeck}",
	title        = "Assessing and explaining differential item functioning using logistic mixed models",
	year         = "2005",
	journal      = "Journal of Educational and Behavioral Statistics",
	volume       = "30",
	pages        = "443--464",
	}
@book{Paek2002,
	author       = "I. Paek",
	title        = "Investigations of differential item functioning: Comparisons among approaches, and extension to a multidimensional context",
	year         = "2002",
	publisher    = "Unpublished doctoral dissertation, University of California, Berkeley",
	}
@article{Paek2011,
	author       = "Insu Paek and Mark Wilson",
	title        = "Formulating the {R}asch differential item functioning model under the marginal maximum likelihood estimation context and its comparison with {M}antel-{H}aenszel procedure in short test and samall sample conditions",
	year         = "2011",
	journal      = "Educational and Psychological Measurement",
	volume       = "71",
	pages        = "1023--1046",
	}
@techreport{PISA2009,
	author       = "OECD",
	title        = "PISA 2006 Technical Report",
	year         = "2009",
	institution  = "OECD",
	}
@manual{R,
	author       = "{R Development Core Team}",
	title        = "R: A Language and Environment for Statistical Computing",
	year         = "2011",
	address      = "Vienna, Austria",
	organization = "R Foundation for Statistical Computing",
	url          = "http://www.R-project.org",
	}
@article{RabeHesketh2004,
	author       = "Sophia Rabe-Hesketh and Anders Skrondal and Andrew Pickles",
	title        = "Generalized multilevel structural equation modeling",
	year         = "2004",
	journal      = "Psychometrika",
	volume       = "69",
	pages        = "167--190",
	}
@article{RabeHesketh2005,
	author       = "Sophia Rabe-Hesketh and Anders Skrondal and Andrew Pickels",
	title        = "Maximum likelihood estimation of limited and discrete dependent variable models with nested random effects",
	year         = "2005",
	journal      = "Journal of Econometrics",
	volume       = "128",
	pages        = "301--323",
	}
@article{RabeHesketh2009,
	author       = "Sophia Rabe-Hesketh and Anders Skrondal",
	title        = "Prediction in multilevel generalized linear models",
	year         = "2009",
	journal      = "Journal of the Royal Statistical Society",
	volume       = "172",
	pages        = "659--687",
	}
@book{Rasch1960,
	author       = "Georg Rasch",
	title        = "Studies in mathematical psychology: I. {P}robabilistic models for some intelligence and attainment tests",
	year         = "1960",
	publisher    = "Nielsen and Lydiche",
	address      = "Oxford",
	}
@article{Raudenbush1999,
	author       = "Stephen W Raudenbush and Robert J Sampson",
	title        = "Economentrics: Toward a science of assessing ecological settings, with applications to the systematic social observation of neighbordhoods",
	year         = "1999",
	journal      = "Sociological Methodology",
	volume       = "29",
	pages        = "1--41",
	}
@article{Raudenbush2003,
	author       = "Stephen W Raudenbush and Christopher Johnson and Robert J Sampson",
	title        = "A multivariate, multilevel {R}asch model with application to self-reported criminal behavior",
	year         = "2003",
	journal      = "Sociological Methodology",
	volume       = "33",
	pages        = "169--211",
	}
@article{Rijmen2003,
	author       = "Frank Rijmen and Francis Tuerlinckx and Paul {De Boeck} and Peter Kuppens",
	title        = "A Nonlinear Mixed Model Framework for Item Response Theory",
	year         = "2003",
	journal      = "Psychological Methods",
	volume       = "8",
	number       = "2",
	pages        = "185--205",
	}
@article{Rosenbaum1988,
	author       = "Paul R. Rosenbaum",
	title        = "Items bundles",
	year         = "1988",
	journal      = "Psychometrika",
	volume       = "53",
	pages        = "349--359",
	}
@article{Ryu2009,
	author       = "Ehri Ryu and Stephen G. West",
	title        = "Level-specific evaluation of model fit in multilevel structural equation modelling",
	year         = "2009",
	journal      = "Structural Equation Modelling",
	volume       = "16",
	pages        = "583--601",
	}
@article{Sampson1999,
	author       = "Robert J Sampson and Stephen W Raudenbush",
	title        = "Systematic social observation of public spaces: A new look at disorder in urban neighborhoods",
	year         = "1999",
	journal      = "American Journal of Sociology",
	volume       = "3",
	pages        = "603--651",
	}
@article{Schwarz1978,
	author       = "Gideon E Schwartz",
	title        = "Estimating the dimensions of a model",
	year         = "1978",
	journal      = "Annal of Statistics",
	volume       = "6",
	pages        = "461--646",
	}
@article{Sireci1991,
	author       = "Stephen G Sireci and David Thissen and Howard Wainer",
	title        = "On the reliability of testlet-based tests",
	year         = "1991",
	journal      = "Journal of Educational Measurement",
	volume       = "28",
	pages        = "237--247",
	}
@manual{Stata11,
	author       = "StataCorp",
	title        = "Stata Statistical Software: Release 11",
	year         = "2009",
	publisher    = "StataCorp LP",
	address      = "College Station, TX",
	}
@manual{Stata12,
	author       = "StataCorp",
	title        = "Stata Statistical Software: Release 12",
	year         = "2011",
	publisher    = "StataCorp LP",
	address      = "College Station, TX",
	}
@manual{Stata13,
	author       = "StataCorp",
	title        = "Stata Statistical Software: Release 13",
	year         = "2013",
	publisher    = "StataCorp LP",
	address      = "College Station, TX",
	}
@manual{StataPV,
	author       = "Kevin Macdonald",
	title        = "{PV}: Stata module to perform estimation with plausible values",
	year         = "2008",
	abstract     = "pv estimates statistics when there are multiple estimates of the dependent variable referred to as plausible values. It is specially (but not exclusively) designed to be used with the PISA, TIMSS and PIRLS student achievement datasets.",
	howpublished = "Statistical Software Components, Boston College Department of Economics",
	keywords     = "plausible values; student achievement",
	month        = "Aug",
	url          = "http://ideas.repec.org/c/boc/bocode/s456951.html",
	}
@article{Steiger1980,
	author       = "J. H. Steiger and J. C. Lindt",
	title        = "Statistically based tests for the number of factors",
	year         = "1980",
	address      = "Iowa City, IA",
	month        = "May",
	note         = "Paper presented at the meeting of the Psychometric Society",
	}
@article{Sugiura1978,
	author       = "N Sugiura",
	title        = "Further analysis of the data by {A}kaike's information criterion and the finite corrections",
	year         = "1978",
	journal      = "Communications in Statistics: Theory and Methods",
	volume       = "A7",
	pages        = "13--26",
	}
@article{Takeuchi1976,
	author       = "K Takeuchi",
	title        = "Distribution of informational statistics and a criterion of model fitting",
	year         = "1976",
	journal      = "Mathematical Sciences",
	volume       = "153",
	pages        = "12--18",
	}
@article{Thissen1986,
	author       = "D Thissen and L Steinberg and M Gerrard",
	title        = "Beyond group mean differences: The concept of item bias",
	year         = "1986",
	journal      = "Psychological Bulletin",
	volume       = "99",
	pages        = "118--128",
	}
@inbook{Thissen1988,
	author       = "D Thissen and L Steinberg and H Wainer",
	title        = "Test validity",
	year         = "1988",
	pages        = "147--169",
	publisher    = "Lawrence Erlbaum",
	address      = "Hillsdale, NJ",
	chapter      = "Use of item response theory in the study of group differences in trace lines",
	editor       = "H Wainer and H Braun",
	}
@article{Vaida2005,
	author       = "Florin Vaida and Suzette Blanchard",
	title        = "Conditional {A}kaike information for mixed-effects models",
	year         = "2005",
	journal      = "Biometrika",
	volume       = "92",
	number       = "2",
	pages        = "351--370",
	}
@phdthesis{Vansteelandt2000,
	author       = "K Vansteelandt",
	title        = "Formal models for contextualixed personality psychology",
	year         = "2000",
	address      = "Leuven, Belgium",
	school       = "University of Leuven",
	type         = "Unpublished doctoral dissertation",
	}
@article{Wainer1987,
	author       = "Howard Wainer and Gerard L Kiely",
	title        = "Item clusters and computerized adaptive testing: A case for testlets",
	year         = "1987",
	journal      = "Journal of Educational Measurement",
	volume       = "24",
	pages        = "185--201",
	}
@article{Wainer1995,
	author       = "Howard Wainer",
	title        = "Precision and differential item functioning on a testlet-based test: The 1991 Law School Admissions Test as an example",
	year         = "1995",
	journal      = "Applied Measurement in Education",
	volume       = "8",
	pages        = "157--186",
	}
@article{Wainer1996,
	author       = "Howard Wainer and David Thissen",
	title        = "How is reliability related to the quality of test scores? What is the effect of local dependence of reliability?",
	year         = "1996",
	journal      = "Educational Measurement: Issues and Practices",
	volume       = "15",
	pages        = "22--29",
	}
@article{Wainer1997,
	author       = "Howard Wainer and Robert Lukhele",
	title        = "How reliable are TOEFL scores?",
	year         = "1997",
	journal      = "Educational and Psychological Measurement",
	volume       = "57",
	pages        = "741--758",
	}
@incollection{Wainer2000,
	author       = "H Wainer and E T Bradlow and Z Du",
	title        = "Testlet response theory: An analog for the 3PL model in testlet-based adaptive testing",
	year         = "2000",
	pages        = "245--269",
	publisher    = "Kluwer",
	address      = "London",
	booktitle    = "Computerized adaptive testing: Theory and practice",
	editor       = "W. {van der Linden} and C A W Glas",
	}
@article{Wang2003,
	author       = "Wen Chung Wang and Ya Li Yeh",
	title        = "Effects of anchor item methods on differential item functioning detectiohn with the likelihood ratio test",
	year         = "2003",
	journal      = "Applied Psychological Measurement",
	volume       = "27",
	pages        = "479--498",
	}
@article{Wang2005,
	author       = "W Wang and Mark Wilson",
	title        = "The {R}asch testlet model",
	year         = "2005",
	journal      = "Applied Psychological Measurement",
	volume       = "29",
	pages        = "126--149",
	}
@article{Wilson1995,
	author       = "Mark Wilson and Raymond J. Adams",
	title        = "Rasch models for item bundles",
	year         = "1995",
	journal      = "Pyschometrika",
	volume       = "60",
	pages        = "181--198",
	}
@incollection{Wilson2004,
	author       = "Mark Wilson and Paul {De Boeck}",
	title        = "Descriptive and explanatory item response models",
	year         = "2004",
	pages        = "43--74",
	publisher    = "Springer",
	address      = "New York",
	booktitle    = "Explanatory Item Response Models: A Generalized Linear and Nonlinear Approach",
	editor       = "Mark Wilson and Paul {De Boeck}",
	}
@book{Wright1979,
	author       = "B. D. Wright and M. Stone",
	title        = "Best Test Design: {R}asch Measurement",
	year         = "1979",
	publisher    = "MESA Press",
	address      = "Chicago ",
	}
@book{Wright1982,
	author       = "Benjamin D. Wright and Geoff Masters",
	title        = "Rating Scale Analysis",
	year         = "1982",
	publisher    = "MESA Press",
	address      = "Chicago ",
	}
@article{xtrho,
	author       = "Germ\'{a}n Rodr\'{i}guez and Irma Elo",
	title        = "Intra-class correlation in random-effects models for binary data",
	year         = "2003",
	journal      = "The Stata Journal",
	volume       = "3",
	pages        = "32--46",
	}
@article{Yen1993,
	author       = "Wendy M Yen",
	title        = "Scaling performance assessments: Strategies for managing local item dependence",
	year         = "1993",
	journal      = "Journal of Educational Measurement",
	volume       = "30",
	pages        = "187--213",
	}
